@article{Levins1966,
  author  = {Levins, R.},
  title   = {The strategy of model building in population biology},
  journal = {American Scientist},
  year    = {1966},
  volume  = {54},
  pages   = {421--431},
}

@article{JohnsonOmland2004,
  author  = {Johnson, J. B. and Omland, K. S.},
  title   = {Model selection in ecology and evolution},
  journal = {Trends in Ecology \& Evolution},
  year    = {2004},
  volume  = {19},
  number  = {2},
  pages   = {101--108},
}

@book{MotulskyChristopoulos2004,
  author    = {Motulsky, H. and Christopoulos, A.},
  title     = {Fitting Models to Biological Data Using Linear and Nonlinear Regression: 
               A Practical Guide to Curve Fitting},
  publisher = {Oxford University Press},
  year      = {2004},
  address   = {USA}
}

@article{BolkerEtAl2013,
  author  = {Bolker, B. M. and Gardner, B. and Maunder, M. and Berg, C. W. and Brooks, M. and Comita, L. and Crone, E. and others}, 
  title   = {Strategies for fitting nonlinear ecological models in R, AD Model Builder, and BUGS},
  journal = {Methods in Ecology and Evolution},
  year    = {2013},
  volume  = {4},
  number  = {6},
  pages   = {501--512},
}

@article{ZwieteringEtAl1990,
  author  = {Zwietering, M. H. and Jongenburger, I. and Rombouts, F. M. and Vanâ€™t Riet, K.},
  title   = {Modeling of the Bacterial Growth Curve},
  journal = {Applied and Environmental Microbiology},
  year    = {1990},
  volume  = {56},
  number  = {6},
  pages   = {1875--1881},
}

@article{BuchananEtAl1997,
  author  = {Buchanan, R. L. and Whiting, R. C. and Damert, W. C.},
  title   = {When Is Simple Good Enough: A Comparison of the Gompertz, Baranyi, and Three-Phase Linear Models for Fitting Bacterial Growth Curves},
  journal = {Food Microbiology},
  year    = {1997},
  volume  = {14},
  number  = {4},
  pages   = {313--326},
  doi     = {10.1006/fmic.1997.0125},
}

@article{GrijspeerdtVanrolleghem1999,
  author  = {Grijspeerdt, K. and Vanrolleghem, P.},
  title   = {Estimating the parameters of the Baranyi model for bacterial growth},
  journal = {Food Microbiology},
  year    = {1999},
  volume  = {16},
  pages   = {593--605},
}

@article{MichaCorradini2011,
  author  = {Micha, P. and Corradini, M. G.},
  title   = {Microbial Growth Curves: What the Models Tell Us and What They Cannot},
  journal = {Critical Reviews in Food Science and Nutrition},
  year    = {2011},
  doi     = {10.1080/10408398.2011.570463},
  note    = {Online ahead of print},
}

@manual{ElzhovEtAl2023,
  author       = {Elzhov, T. V. and Mullen, K. M. and Spiess, A.-N. and Bolker, B.},
  title        = {{minpack.lm}: {R} Interface to the Levenberg-Marquardt Nonlinear Least-Squares Algorithm},
  subtitle     = {version 1.2-4},
  year         = {2023},
  howpublished = {\url{https://CRAN.R-project.org/package=minpack.lm}},
  note         = {R package},
}

@article{BurnhamAnderson2004,
  author  = {Burnham, K. P. and Anderson, D. R.},
  title   = {Multimodel inference: Understanding AIC and BIC in model selection},
  journal = {Sociological Methods \& Research},
  year    = {2004},
  volume  = {33},
  number  = {2},
  pages   = {261--304},
  doi     = {10.1177/0049124104268644},
}

@article{BaeEtAl2014,
  author  = {Bae, Young-Min and Zheng, Ling and Hyun, Jeong-Eun and Jung, Kyu-Seok and Heu, Sunggi and Lee, Sun-Young},
  title   = {Growth characteristics and biofilm formation of various spoilage bacteria isolated from fresh produce},
  journal = {Journal of Food Science},
  year    = {2014},
  volume  = {79},
  number  = {10},
  pages   = {M2072--M2080},
  month   = {October},
}

@article{BernhardtEtAl2018,
  author  = {Bernhardt, Joey R. and Sunday, Jennifer M. and O'Connor, Mary I.},
  title   = {Metabolic theory and the temperature-size rule explain the temperature dependence of population carrying capacity},
  journal = {The American Naturalist},
  year    = {2018},
  volume  = {192},
  number  = {6},
  pages   = {687--697},
  pmid    = {30444656},
}

@article{GalarzEtAl2016,
  author  = {Galarz, Liane Aldrighi and Fonseca, Gustavo Graciano and Prentice, Carlos},
  title   = {Predicting bacterial growth in raw, salted, and cooked chicken breast fillets during storage},
  journal = {Food Science and Technology International},
  year    = {2016},
  volume  = {22},
  number  = {6},
  pages   = {461--474},
  month   = {September},
}

@article{GillDeLacy1991,
  author  = {Gill, C. O. and DeLacy, K. M.},
  title   = {Growth of Escherichia coli and Salmonella typhimurium on high-pH beef packed under vacuum or carbon dioxide},
  journal = {International Journal of Food Microbiology},
  year    = {1991},
  volume  = {13},
  number  = {1},
  pages   = {21--30},
}

@article{PhillipsGriffiths1987,
  author  = {Phillips, J. D. and Griffiths, M. W.},
  title   = {The relation between temperature and growth of bacteria in dairy products},
  journal = {Food Microbiology},
  year    = {1987},
  volume  = {4},
  number  = {2},
  pages   = {173--185},
}

@article{RothWheaton1962,
  author  = {Roth, N. G. and Wheaton, B. R.},
  title   = {Continuity of psychrophilic and mesophilic growth characteristics in the genus Arthrobacter},
  journal = {Journal of Bacteriology},
  year    = {1962},
  volume  = {83},
  number  = {3},
  pages   = {551--555},
  month   = {March},
}

@article{SilvaEtAl2018,
  author  = {Silva, Ana and Longhi, Daniel and Dalcanton, Francieli and Aragao, Glaucia},
  title   = {Modelling the growth of lactic acid bacteria at different temperatures},
  journal = {Brazilian Archives of Biology and Technology},
  year    = {2018},
  volume  = {61},
  month   = {October},
}

@article{Sivonen1990,
  author  = {Sivonen, K.},
  title   = {Effects of light, temperature, nitrate, orthophosphate, and bacteria on growth of and hepatotoxin production by \textit{Oscillatoria agardhii} strains},
  journal = {Applied and Environmental Microbiology},
  year    = {1990},
  volume  = {56},
  number  = {9},
  pages   = {2658--2666},
}

@article{StannardEtAl1985,
  author  = {Stannard, C. J. and Williams, A. P. and Gibbs, P. A.},
  title   = {Temperature/growth relationships for psychrotrophic food-spoilage bacteria},
  journal = {Food Microbiology},
  year    = {1985},
  volume  = {2},
  number  = {2},
  pages   = {115--122},
}

@article{ZwieteringEtAl1994,
  author  = {Zwietering, M. H. and de Wit, J. C. and Cuppers, H. G. and van 't Riet, K.},
  title   = {Modeling of bacterial growth with shifts in temperature},
  journal = {Applied and Environmental Microbiology},
  year    = {1994},
  volume  = {60},
  number  = {1},
  pages   = {204--213},
  month   = {January},
}

@article{Verhulst1838,
  author  = {Verhulst, P.-F.},
  title   = {Notice sur la loi que la population poursuit dans son accroissement},
  journal = {Correspondance Math{\'e}matique et Physique},
  volume  = {10},
  pages   = {113--121},
  year    = {1838},
  note    = {In French},
  url     = {https://api.semanticscholar.org/CorpusID:82843345}
}

@article{GrasteauEtAl2000,
  author  = {Grasteau, Sandrine and Piles, Miriam and Varona, Luis and Roger, Genevi{\`e}ve 
             and Tixier-Boichard, Marie and Boule, Michel and Beaumont, Catherine},
  title   = {Genetic analysis of growth curve parameters for male and female chickens 
             resulting from selection on shape of growth curve},
  journal = {Genetics Selection Evolution},
  volume  = {32},
  number  = {4},
  pages   = {317--328},
  year    = {2000},
  month   = {November},
  doi     = {10.1051/gse:2000125},
}
